@ARTICLE{1971ARA&A...9..183P,
       author = {{Paczy{\'n}ski}, B.},
        title = "{Evolutionary Processes in Close Binary Systems}",
      journal = {Annual Reviews in Astronomy and Astrophysics},
         year = 1971,
        month = jan,
       volume = {9},
        pages = {183},
          doi = {10.1146/annurev.aa.09.090171.001151},
       adsurl = {https://ui.adsabs.harvard.edu/abs/1971ARA&A...9..183P},
      adsnote = {Provided by the SAO/NASA Astrophysics Data System}
}
@ARTICLE{1964BAICz..15..165P,
       author = {{Plavec}, M. and {Kratochvil}, P.},
        title = "{Tables for the Roche model of close binaries}",
      journal = {Bulletin of the Astronomical Institutes of Czechoslovakia},
         year = 1964,
        month = jan,
       volume = {15},
        pages = {165},
       adsurl = {https://ui.adsabs.harvard.edu/abs/1964BAICz..15..165P},
      adsnote = {Provided by the SAO/NASA Astrophysics Data System}
}
@book{clarke2007principles,
  title={Principles of astrophysical fluid dynamics},
  author={Clarke, Cathie and Carswell, Bob},
  year={2007},
  publisher={Cambridge University Press}
}
@ARTICLE{1999ApJ...525..921S,
       author = {{Sako}, Masao and {Liedahl}, Duane A. and {Kahn}, Steven M. and {Paerels}, Frits},
        title = "{The X-Ray Spectrum and Global Structure of the Stellar Wind in VELA X-1}",
      journal = {The Astrophysical Journal},
     keywords = {STARS: BINARIES: ECLIPSING, STARS: PULSARS: INDIVIDUAL: NAME: VELA X-1, STARS: NEUTRON, STARS: WINDS, OUTFLOWS, X-RAYS: STARS, Stars: Binaries: Eclipsing, Stars: Pulsars: Individual: Name: Vela X-1, Stars: Neutron, Stars: Winds, Outflows, X-Rays: Stars, Astrophysics},
         year = 1999,
        month = nov,
       volume = {525},
       number = {2},
        pages = {921-934},
          doi = {10.1086/307924},
archivePrefix = {arXiv},
       eprint = {astro-ph/9907291},
 primaryClass = {astro-ph},
       adsurl = {https://ui.adsabs.harvard.edu/abs/1999ApJ...525..921S},
      adsnote = {Provided by the SAO/NASA Astrophysics Data System}
}



